@article{ROSSATO2020,
   author = {Vanessa Piovesan ROSSATO and Nelson Guilherme Machado PINTO},
   doi = {10.3738/1982.2278.3021},
   issn = {16786602},
   issue = {1},
   journal = {Nucleus},
   month = {4},
   pages = {319-341},
   publisher = {Fundacao Educational de Ituverava},
   title = {CONCESSÃO DE CRÉDITO PELAS INSTITUIÇÕES BRASILEIRAS: UMA ANÁLISE DAS EVIDÊNCIAS EMPÍRICAS},
   volume = {17},
   year = {2020},
}
@article{ALEXANDRE2003,
   author = {ALEXANDRE JORGE CHAIA},
   journal = {UNIVERSIDADE DE SÃO PAULO Faculdade de Economia, Administração e Contabilidade Departamento de Administração},
   month = {7},
   title = {MODELOS DE GESTÃO DO RISCO DE CRÉDITO
E SUA APLICABILIDADE AO MERCADO BRASILEIRO},
   year = {2003},
}
@article{Cardoso2024,
   abstract = {Objetivo: Este estudo teve por objetivo verificar os procedimentos de avaliação de risco na concessão de crédito por uma pessoa jurídica, via financiamento, nas negociações com seus clientes. Metodologia: Empregou-se uma abordagem documental, com ênfase na análise qualitativa, durante o estudo experimental conduzido em uma entidade XYZ ligada à tecnologia de informação. Resultados: Apontam que o credit score e o rating score, constituídos por meio das etapas de avaliação, considerando o histórico da empresa, documentações, garantias, saúde financeira, fluxo de caixa, endividamento, governança corporativa e perspectivas de mercado, possibilitam a classificação de risco aos seus clientes analisados, variando de AAA para o cliente “alpha” e D para o “beta”. Tal resultado possibilitou deduzir que a avaliação creditícia, oportuna automatização nas decisões de financiamento das atividades comerciais, capaz de promover flexibilidade financeira e agilidade comercial. A classificação de risco dos clientes é vista, portanto, como uma ferramenta fundamental para aprimorar as decisões financeiras da empresa XYZ, minimizando riscos de inadimplência e garantindo a segurança financeira de suas operações comerciais, resultante do estabelecimento de pontuações de riscos, tanto de empresas adimplentes quanto das inadimplentes. Contribuições do Estudo: Este estudo traz uma contribuição teórica relevante para o campo de pesquisa ao destacar a importância de validar os critérios usados na concessão de financiamento, assim como os fatores contextuais que podem afetar as decisões. A contribuição prática ao analisar uma instituição não financeira, inclusive sob o contexto pandêmico, e a forma com que elas minimizam sua inadimplência ao estabelecer mecanismos de análise de crédito, proporciona melhorias e consequentemente maior segurança como entidades credoras.},
   author = {Daniele Dias Cardoso and Nilton César Lima},
   doi = {10.21680/2176-9036.2024v16n2id34315},
   issue = {2},
   journal = {REVISTA AMBIENTE CONTÁBIL - Universidade Federal do Rio Grande do Norte - ISSN 2176-9036},
   month = {7},
   pages = {117-139},
   publisher = {Universidade Federal do Rio Grande do Norte - UFRN},
   title = {Avaliação de risco na concessão de crédito por pessoa jurídica não financeira},
   volume = {16},
   year = {2024},
}

