@article{ROSSATO2020,
   author = {Vanessa Piovesan ROSSATO and Nelson Guilherme Machado PINTO},
   doi = {10.3738/1982.2278.3021},
   issn = {16786602},
   issue = {1},
   journal = {Nucleus},
   month = {4},
   pages = {319-341},
   publisher = {Fundacao Educational de Ituverava},
   title = {CONCESSÃO DE CRÉDITO PELAS INSTITUIÇÕES BRASILEIRAS: UMA ANÁLISE DAS EVIDÊNCIAS EMPÍRICAS},
   volume = {17},
   year = {2020},
}
